@misc{patrick_t._fallon_960x0.jpg_2015,
	title = {960x0.jpg},
	url = {http://www.forbes.com/sites/scottbeyer/2015/11/23/can-los-angeles-solve-its-traffic-problem-by-building-more-roads/#45596dd5685c},
	urldate = {2016-08-03},
	author = {{Patrick T. Fallon}},
	month = nov,
	year = {2015}
}

@book{schiesser_compendium_2009,
	address = {Cambridge ; New York},
	title = {A compendium of partial differential equation models: method of lines analysis with {Matlab}},
	isbn = {978-0-521-51986-1},
	shorttitle = {A compendium of partial differential equation models},
	publisher = {Cambridge University Press},
	author = {Schiesser, W. E. and Griffiths, Graham W.},
	year = {2009},
	note = {OCLC: ocn263409317},
	keywords = {Differential equations, Partial, Mathematical models, MATLAB},
	file = {Schiesser_Griffiths_A_Compendium_of_Partial_Differential_Equation_Models.pdf:/Users/Matthew/Library/Application Support/Zotero/Profiles/swyw6dgg.default/zotero/storage/VG5X8AFP/Schiesser_Griffiths_A_Compendium_of_Partial_Differential_Equation_Models.pdf:application/pdf}
}

@article{ryan_model_2016,
	title = {A model for collective dynamics in ant raids},
	volume = {72},
	issn = {0303-6812, 1432-1416},
	url = {http://link.springer.com/10.1007/s00285-015-0929-5},
	doi = {10.1007/s00285-015-0929-5},
	language = {en},
	number = {6},
	urldate = {2016-06-20},
	journal = {Journal of Mathematical Biology},
	author = {Ryan, Shawn D.},
	month = may,
	year = {2016},
	pages = {1579--1606},
	file = {Ryan 2016 JMB Model for Collective Dynamics in Ant Raids.pdf:/Users/Matthew/Library/Application Support/Zotero/Profiles/swyw6dgg.default/zotero/storage/7ZIQ53J2/Ryan 2016 JMB Model for Collective Dynamics in Ant Raids.pdf:application/pdf}
}

@misc{alexander_wild_ant_battle1-xl.jpg_????,
	title = {ant\_battle1-{XL}.jpg},
	url = {http://www.alexanderwild.com/Ants/Taxonomic-List-of-Ant-Genera/Tetramorium/i-sXjV8S6/A},
	urldate = {2016-08-03},
	author = {{Alexander Wild}}
}

@misc{spE2-XL.jpg_????,
	title = {spE2-{XL}.jpg},
	url = {http://www.alexanderwild.com/keyword/tetramorium%20caespitum/i-TN9hmxW/A},
	urldate = {2017-01-05},
	author = {{Alexander Wild}}
}

@misc{alexander_wild_ant_battle2-xl.jpg_????,
	title = {ant\_battle2-{XL}.jpg},
	url = {http://www.alexanderwild.com/Ants/Taxonomic-List-of-Ant-Genera/Tetramorium/i-wCqZmDp/A},
	urldate = {2016-08-01},
	author = {{Alexander Wild}}
}

@misc{alexander_wild_caespitum-16j-xl.jpg_????,
	title = {caespitum-16j-{XL}.jpg},
	url = {http://www.alexanderwild.com/Ants/Taxonomic-List-of-Ant-Genera/Tetramorium/i-7X9PZZW/A},
	urldate = {2016-08-01},
	author = {{Alexander Wild}}
}

@article{khuong_how_2013,
	title = {How {Do} {Ants} {Make} {Sense} of {Gravity}? {A} {Boltzmann} {Walker} {Analysis} of {Lasius} niger {Trajectories} on {Various} {Inclines}},
	volume = {8},
	issn = {1932-6203},
	shorttitle = {How {Do} {Ants} {Make} {Sense} of {Gravity}?},
	url = {http://dx.plos.org/10.1371/journal.pone.0076531},
	doi = {10.1371/journal.pone.0076531},
	language = {en},
	number = {10},
	urldate = {2016-06-20},
	journal = {PLoS ONE},
	author = {Khuong, AnaÃ¯s and Lecheval, Valentin and Fournier, Richard and Blanco, StÃ©phane and Weitz, SÃ©bastian and Bezian, Jean-Jacques and Gautrais, Jacques},
	editor = {Pratt, Stephen C.},
	month = oct,
	year = {2013},
	pages = {e76531},
	file = {Khuong et al How do ants make sense of gravity.pdf:/Users/Matthew/Library/Application Support/Zotero/Profiles/swyw6dgg.default/zotero/storage/FZKSCSP3/Khuong et al How do ants make sense of gravity.pdf:application/pdf}
}

@article{perna_individual_2012,
	title = {Individual {Rules} for {Trail} {Pattern} {Formation} in {Argentine} {Ants} ({Linepithema} humile)},
	volume = {8},
	issn = {1553-7358},
	url = {http://dx.plos.org/10.1371/journal.pcbi.1002592},
	doi = {10.1371/journal.pcbi.1002592},
	language = {en},
	number = {7},
	urldate = {2016-06-20},
	journal = {PLoS Computational Biology},
	author = {Perna, Andrea and Granovskiy, Boris and Garnier, Simon and Nicolis, Stamatios C. and Labédan, Marjorie and Theraulaz, Guy and Fourcassié, Vincent and Sumpter, David J. T.},
	editor = {Ermentrout, Bard},
	month = jul,
	year = {2012},
	pages = {e1002592},
	file = {Perna et al Individual rules for pattern formation in Argentine ants.pdf:/Users/Matthew/Library/Application Support/Zotero/Profiles/swyw6dgg.default/zotero/storage/J5JE6H2C/Perna et al Individual rules for pattern formation in Argentine ants.pdf:application/pdf}
}

@misc{mike_rubenstein_kilobots31_2014,
	title = {Kilobots31},
	url = {http://media.news.harvard.edu/gazette/wp-content/uploads/2014/08/Kilobots31.jpg},
	abstract = {Digital Image},
	urldate = {2016-08-03},
	author = {{Mike Rubenstein}},
	month = aug,
	year = {2014}
}

@article{holt_locomotion_2012,
	title = {Locomotion on a slope in leaf-cutter ants: metabolic energy use, behavioural adaptations and the implications for route selection on hilly terrain},
	volume = {215},
	issn = {0022-0949, 1477-9145},
	shorttitle = {Locomotion on a slope in leaf-cutter ants},
	url = {http://jeb.biologists.org/cgi/doi/10.1242/jeb.057695},
	doi = {10.1242/jeb.057695},
	language = {en},
	number = {15},
	urldate = {2016-07-05},
	journal = {Journal of Experimental Biology},
	author = {Holt, N. C. and Askew, G. N.},
	month = aug,
	year = {2012},
	pages = {2545--2550},
	file = {Holt - 2012 - Locomotion on a slope in leaf-cutter ants metabolic energy use behavioural adaptations and the implications for route selection on hilly terrain. - J. Exp. Biol.pdf:/Users/Matthew/Library/Application Support/Zotero/Profiles/swyw6dgg.default/zotero/storage/SV38NMPE/Holt - 2012 - Locomotion on a slope in leaf-cutter ants metabolic energy use behavioural adaptations and the implications for route selection on h.pdf:application/pdf}
}

@book{camazine_self-organization_2003,
	address = {Princeton, N.J Woodstock},
	series = {Princeton studies in complexity},
	title = {Self-organization in biological systems},
	isbn = {978-0-691-11624-2},
	language = {eng},
	publisher = {Princeton University Press},
	author = {Camazine, Scott},
	year = {2003},
	keywords = {Biological systems, Self-organizing systems},
	file = {Table of Contents PDF:/Users/Matthew/Library/Application Support/Zotero/Profiles/swyw6dgg.default/zotero/storage/XTK5HWHZ/Camazine - 2003 - Self-organization in biological systems.pdf:application/pdf}
}

@misc{ssr_lab_harvard_university_swarm2.jpg_????,
	title = {swarm2.jpg},
	url = {https://www.kilobotics.com/img/swarm2.jpg?v2},
	urldate = {2016-08-01},
	author = {{SSR Lab, Harvard}}
}
